@Manual{esp32manual,
	title = 	 {ESP32-C3 Series Datasheet},
	organization = {Espressif Systems},
	year = 	 {2023},
	url = 	 {https://www.espressif.com/sites/default/files/documentation/esp32-c3_datasheet_en.pdf}
}

@Manual{espressif,
	title = 	 {ESP-IDF Programming Guide},
	organization = {Espressif Systems},
	year = 	 {2023},
	url = 	 {https://docs.espressif.com/projects/esp-idf/en/v5.0.2/esp32c3/index.html}
}

@Manual{esp_mini,
	title = {ESP32-C3-Mini 1 Datasheet}, 
	organization = {Espressif Systems},
	year = {2023},
	url = {https://www.espressif.com/sites/default/files/documentation/esp32-c3-mini-1_datasheet_en.pdf}
}

@Article{esp_wifi_connect_overview,
	title = {ESP32 Useful Wi-Fi Library Functions },
	author = {Random Nerd Tutorials},
	year = {2021}, 
	url = {https://randomnerdtutorials.com/esp32-useful-wi-fi-functions-arduino/}
}

@Article{what_is_nvs, 
	title = {Non-volatile storage (NVS)},
	author = {Robert Sheldon, Carol Sliwa},
	year = {2021},
	url = {https://www.techtarget.com/searchstorage/definition/nonvolatile-storage}
}

@Article{how_wifi_works,
	title = {How WiFi Works},
	author = {Marshall Brain and Talon Homer},
	year = {2021}, 
	url = {https://computer.howstuffworks.com/wireless-network.htm}
}

@Manual{ieee,
	title = {IEEE 802.11 Wireless Local Area Networks},
	organization = {The Working Group for WLAN Standards},
	year = {2023}, 
	url = {https://www.ieee802.org/11/}
}

@Article{microsoft_ieee,
	title = {Wi-Fi problems in your home}, 
	author = {Microsoft},
	url = {https://support.microsoft.com/hr-hr/windows/problemi-s-wi-fijem-i-raspored-va%C5%A1ega-doma-e1ed42e7-a3c5-d1be-2abb-e8fad00ad32a}
}

@Article{blevsbluetooth,
	title = {Bluetooth vs. Bluetooth Low Energy},
	year = {2021},
	author = {Bob Proctor},
	url = {https://www.link-labs.com/blog/bluetooth-vs-bluetooth-low-energy}
}

@Article{ble_profiles,
	title = {BLE profiles, services, characteristics, device roles and network topology},
	year = {2022},
	author = {Embedded Centric},
	url = {https://embeddedcentric.com/lesson-2-ble-profiles-services-characteristics-device-roles-and-network-topology/}
}

@Article{ble_profile_char,
	title = {Getting Started with ESP32 Bluetooth Low Energy (BLE) on Arduino IDE},
	author = {Random Nerd Tutorials},
	url = {https://randomnerdtutorials.com/esp32-bluetooth-low-energy-ble-arduino-ide/}
}

@Article{what_is_aws,
	title = {Amazon Web Services (AWS)},
	author = {N. Barney, A. S. Gillis},
	url = {https://www.techtarget.com/searchaws/definition/Amazon-Web-Services}
}

@Manual{aws_docs,
	title = {AWS Documentation},
	organization = {Amazon.com, Inc.},
	year = {2024},
	url = {https://docs.aws.amazon.com/index.html}
}

@Manual{what_is_mqtt,
	title = {MQTT},
	organization = {MQTT.org},
	year = {2022}
}

@Article{what_is_edge, 
	title = {What is edge computing? Everything you need to know},
	author = {Stephen J. Bigelow},
	year = {2021},
	url = {https://www.techtarget.com/searchdatacenter/definition/edge-computing}
}

@Article{what_is_softap,
	title = {What is SoftAP?},
	author = {Microsoft},
	url = {https://answers.microsoft.com/en-us/windows/forum/all/what-is-softap-what-does-it-do-where-do-i-get-it/e9e0385b-ad1a-446f-8b75-7973326c2629}
}

@Manual{what_is_protobuf,
	title = {Protocol Buffers - Google's data interchange format},
	author = {Google},
	year = {2024},
	url = {https://protobuf.dev/}
}

@Manual{unified_provisioning,
	title = {Provisioning API},
	author = {Espressif},
	year = {2024},
	url = {https://docs.espressif.com/projects/esp-idf/en/v5.1/esp32/api-reference/provisioning/provisioning.html}
}

@Manual{lvgl,
	title = {LVGL},
	year = {2024},
	url = {https://lvgl.io/}
}


